@article{relig_convert,
	title={Religious Conversion in 40 Countries},
	author={Robert Barro and Rachel McCleary and Jason Hwang},
	journal={Journal for the Scientific Study of Religion},
	volume={49},
	pages={15-36},
	year={2010}
}

@article{sects,
	title={A Formal Model of Church and Sect},
	author={Laurence R. Iannaccone},
	journal={American Journal of Sociology},
	volume={94},
	pages={241-268},
	year={1988}
}

@article{strict,
	title={Why Strict Churches Are Strong},
	author={Laurence R. Iannaccone},
	journal={American Journal of Sociology},
	volume={99},
	pages={1180-1211},
	year={1994}
}

@article{pew_western_europe,
	title={Being Christian in Western Europe},
	author={Neha Sahgal},
	journal={Pew Research Center},
	year={2018}
}

@article{oversample_survey,
	title={When Surveys Lie and People Tell the Truth: How Surveys Oversample Church Attenders},
	author={Robert D. Woodberry},
	journal={American Sociological Review},
	volume={63},
	pages={119-122},
	year={1998}
}

@article{rich_people_leave,
	title={Dynamics of the Religious Economy: Exit, Voice, and Denominational Secularization},
	author={James D. Montgomery},
	journal={Rationality and Society},
	volume={8},
	pages={81-110},
	year={1996}
}

@article{modernization,
	title={Modernization, Cultural Change, and the Persistence of Traditional Values},
	author={Ronald Inglehart and Wayne E. Baker},
	journal={American Sociological Review},
	volume={65},
	pages={19-51},
	year={2000}
}

@article{inc_secularization,
	title={Why More Americans Have No Religious Preference: Politics and Generations},
	author={Michael Hout and Claude S. Fischer},
	journal={American Sociological Review},
	volume={67},
	pages={165-190},
	year={2002}
}

@article{relig_market,
	title={Religious Markets and the Economies of Religion},
	author={Laurence R. Iannaccone},
	journal={Social Compass},
	volume={39},
	pages={123-131},
	year={1992}
}

@article{europe_secular,
	title={A Supply-Side Reinterpretation of the "Secularization" of Europe},
	author={Rodney Stark and Laurence R. Iannaccone},
	journal={Journal for the Scientific Study of Religion},
	volume={33},
	pages={230-252},
	year={1994}
}



	
	



